
@online{Cineca,
  author = {Cineca},
  title = {Cineca Galileo 100},
  year = 2021,
  url = {https://www.hpc.cineca.it/hardware/galileo100}
}
@online{BSC,
  author = {BSC},
  title = {Barcelona Supercomputing Center},
  url = {https://www.bsc.es/}
}
@online{CPUfreq,
  author = {Linux},
  title = {CPUfreq},
  url = {https://www.kernel.org/doc/Documentation/cpu-freq/}
}

@article{RAPL,
author = {Khan, Kashif and Hirki, Mikael and Niemi, Tapio and Nurminen, Jukka and Ou, Zhonghong},
year = {2018},
month = {01},
pages = {},
title = {RAPL in Action: Experiences in Using RAPL for Power Measurements},
volume = {3},
journal = {ACM Transactions on Modeling and Performance Evaluation of Computing Systems (TOMPECS)},
doi = {10.1145/3177754}
}

@online{E4,
  author = {E4 System},
  title = {E4 HPC Systems},
  url = {https://www.e4company.com/}
}
@misc{mpi,
  title = {MPI: A Message-Passing Interface Standard},
  author = {Message Passing Interface Forum},
  year = {1994},
  howpublished = {Knoxville, TN, USA: University of Tennessee}
}
@misc{slurm,
  title = {SLURM: A Highly Scalable Workload Manager},
  author = {SLURM Development Team},
  year = {2002},
  howpublished = {https://slurm.schedmd.com/overview.html}
}

@misc{dcdb,
  title = {DCDB: Modular and holistic Monitor for HPC},
  author = {Leibniz Supercomputing Centre},
  year = {2011},
  howpublished = {https://gitlab.lrz.de/dcdb/dcdb}
}


@online{REGALE,
author = {CSLab;NTUA},
title = {Open Architecture for Future Supercomputers},
year = 2021,
url = {https://regale-project.eu/},
urldate = {2023-05-07}
}
@misc{ue_REGALE,
    title = {An open architecture to equip next generation HPC applications with exascale capabilities},
    howpublished = {\url{https://cordis.europa.eu/project/id/956560}},
    note = {Accessed: yyyy-mm-dd}
}

@INPROCEEDINGS{growth,
  author={Borghesi, Andrea and Conficoni, Christian and Lombardi, Michele and Bartolini, Andrea},
  booktitle={2015 International Conference on High Performance Computing ands Simulation (HPCS)}, 
  title={MS3: A Mediterranean-stile job scheduler for supercomputers - do less when it's too hot!}, 
  year={2015},
  volume={},
  number={},
  pages={88-95},
  doi={10.1109/HPCSim.2015.7237025}}


@inproceedings{ntpd,
author = {Libri, Antonio and Bartolini, Andrea and Cesarini, Daniele and Benini, Luca},
year = {2018},
month = {11},
pages = {1-6},
title = {Evaluation of NTP/PTP fine-grain synchronization performance in HPC clusters},
isbn = {978-1-4503-6591-8},
journal = {ANDARE '18: Proceedings of the 2nd Workshop on AutotuniNg and aDaptivity AppRoaches for Energy efficient HPC Systems},
doi = {10.1145/3295816.3295819}
}

@online{TODO,
  author = {TODO},
  title = {TODO},
  year = 2023,
  url = {https://wikipedia.it},
  urldate = {}
}

@online{GEOPM,
  author = {INTEL},
  title = {GEOPM},
  year = 2017,
  url = {https://sc17.supercomputing.org/SC17%20Archive/tech_poster/poster_files/post176s2-file3.pd},
  urldate = {}
}

@INPROCEEDINGS{Node-leve-power-manager,
  author={Sherin M A and Arun Kumar V and Prasanth P and Vasudevan, Raja and Shamshudeen J},
  booktitle={2016 2nd International Conference on Green High Performance Computing (ICGHPC)}, 
  title={Node level Power Profiling and Thermal Management in HPC system}, 
  year={2016},
  volume={},
  number={},
  pages={1-6},
  doi={10.1109/ICGHPC.2016.7508064}}


@INPROCEEDINGS{ResourceManager,
  author={Maiterth, Matthias and Koenig, Gregory and Pedretti, Kevin and Jana, Siddhartha and Bates, Natalie and Borghesi, Andrea and Montoya, Dave and Bartolini, Andrea and Puzovic, Milos},
  booktitle={2018 IEEE International Parallel and Distributed Processing Symposium Workshops (IPDPSW)}, 
  title={Energy and Power Aware Job Scheduling and Resource Management: Global Survey — Initial Analysis}, 
  year={2018},
  volume={},
  number={},
  pages={685-693},
  doi={10.1109/IPDPSW.2018.00111}}


@misc{mqtt,
  title = {Message Queuing Telemetry Transport},
  author = {IBM},
  year = {1999},
  howpublished = {\url{https://mqtt.org/}}
}

@misc{ros2iron,
  title = {ROS 2 Documentation: Iron documentation},
  author = {Open Robotics},
  year = {2023},
  howpublished = {\url{https://docs.ros.org/en/iron/index.html}}
}


@misc{ros2iface,
  title = {ROS 2 middleware interface},
  author = {Thomas, Dirk},
  year = {2017},
  howpublished = {\url{https://design.ros2.org/articles/ros_middleware_interface.html}}
}


@online{Examon,
  title = {Examon HPC Monitoring},
  url = {https://github.com/EEESlab/examon},
  urldate = {2023-05-16}
}

@misc{oar,
  title = {OAR: Resource and Task Manager for Clusters and other Computing Infrastructures},
  author = {OAR Team},
  howpublished = {GitHub repository},
  year = {2011},
  url = {https://github.com/oar-team/oar}
}

@misc{intel2023reducing,
  title = {Reducing Energy Consumption and Costs},
  author = {Intel},
  year = {2018},
  howpublished = {\url{https://www.intel.com/content/dam/www/public/us/en/documents/case-studies/reducing-energy-consumption-and-costs.pdf}}
}




@misc{ear,
  title = {EAR: Energy Management Framework for High-Performance Computing},
  author = {Corbalan, Julita and Brochard, Luigi},
  howpublished = {Barcelona Supercomputing Center (BSC-CNS)},
  url = {https://www.bsc.es/research-and-development/software-and-apps/software-list/ear}
}


@misc{cesarini2019countdown,
      title={COUNTDOWN: a Run-time Library for Performance-Neutral Energy Saving in MPI Applications}, 
      author={Daniele Cesarini and Andrea Bartolini and Pietro Bonfà and Carlo Cavazzoni and Luca Benini},
      year={2019},
      eprint={1806.07258},
      archivePrefix={arXiv},
      primaryClass={cs.DC}
}

@online{mygit,
  author = {Giacomo Madella},
  title = {github/tesiMagistrale},
  year = 2023,
  url = {https://github.com/madella/tesiM}
}



@online{FastDDS,
  author = {eProsima},
  title = {FastDDS},
  year = 2022,
  url = {https://fast-dds.docs.eprosima.com/en/v2.11.2/}
}

@online{DDS,
  author = {Object Management Group},
  title = {Data Distribution Service},
  year = 2004,
  url = {https://www.omg.org/spec/DDS/1.0}
}



@online{RTPS,
  author = {Object Management Group},
  title = {DDS Interoperability Wire Protocol},
  year = 2008,
  url = {https://www.omg.org/spec/DDSI-RTPS/2.0}
}


@online{hardvard,
  author = {The Hardvard Gazette},
  title = {Smaller, faster, greener},
  year = 2021,
  url = {https://news.harvard.edu/gazette/story/2021/03/what-will-green-computing-look-like-in-the-future/}
}


@INPROCEEDINGS{Zen3,
  author={T. {Singh} and S. {Rangarajan} and D. {John} and C. {Henrion} and S. {Southard} and H. {McIntyre} and A. {Novak} and S. {Kosonocky} and R. {Jotwani} and A. {Schaefer} and E. {Chang} and J. {Bell} and M. {Co}},
  booktitle={2017 IEEE International Solid-State Circuits Conference (ISSCC)}, 
  title={3.2 Zen: A next-generation high-performance ×86 core}, 
  year={2017},
  volume={},
  number={},
  pages={52-53},
  doi={10.1109/ISSCC.2017.7870256}
 }

 @Inbook{Green2,
 author="Biedenkopf, Katja
 and Vanderschueren, Ellen
 and Petri, Franziska",
 editor="Costa, Olivier
 and Van Hecke, Steven",
 title="Riding the Green Wave? Green Electoral Success and the European Green Deal",
 bookTitle="The EU Political System After the 2019 European Elections",
 year="2023",
 publisher="Springer International Publishing",
 address="Cham",
 isbn="978-3-031-12338-2",
 doi="10.1007/978-3-031-12338-2_17",
 url="https://doi.org/10.1007/978-3-031-12338-2_17"
 }

@article{Green,
  title={Developing a Sustainable IT Capability: Lessons From Intel's Journey},
  author={Edward Curry and Bill Guyon and Charlie Sheridan and Brian Donnellan},
  journal={MIS Q. Executive},
  year={2012},
  volume={11},
  pages={3},
  url={https://api.semanticscholar.org/CorpusID:1690698}
}

@INPROCEEDINGS{HDEEM,
  author={Hackenberg, Daniel and Ilsche, Thomas and Schuchart, Joseph and Schöne, Robert and Nagel, Wolfgang E. and Simon, Marc and Georgiou, Yiannis},
  booktitle={2014 Energy Efficient Supercomputing Workshop}, 
  title={HDEEM: High Definition Energy Efficiency Monitoring}, 
  year={2014},
  volume={},
  number={},
  pages={1-10},
  doi={10.1109/E2SC.2014.13}}


@ARTICLE{MOSFET-Scaling,
  author={Bohr, Mark},
  journal={IEEE Solid-State Circuits Society Newsletter}, 
  title={A 30 Year Retrospective on Dennard's MOSFET Scaling Paper}, 
  year={2007},
  volume={12},
  number={1},
  pages={11-13},
  doi={10.1109/N-SSC.2007.4785534}}

  @misc{TOP500,
  author = {TOP500},
  title = {TOP500 Supercomputer Sites},
  year = {2023},
  url = {https://www.top500.org/}
  }
  @ARTICLE{Dennardsscaling,
  author={Dennard, R.H. and Gaensslen, F.H. and Yu, Hwa-Nien and Rideout, V.L. and Bassous, E. and LeBlanc, A.R.},
  journal={IEEE Journal of Solid-State Circuits}, 
  title={Design of ion-implanted MOSFET's with very small physical dimensions}, 
  year={1974},
  volume={9},
  number={5},
  pages={256-268},
  doi={10.1109/JSSC.1974.1050511}}


  @ARTICLE{Dennardsscaling2,
  author={Esmaeilzadeh, Hadi and Blem, Emily and St. Amant, Renee and Sankaralingam, Karthikeyan and Burger, Doug},
  journal={IEEE Micro}, 
  title={Dark Silicon and the End of Multicore Scaling}, 
  year={2012},
  volume={32},
  number={3},
  pages={122-134},
  doi={10.1109/MM.2012.17}}
